@book{kleinberg2006algorithm,
  title={Algorithm design},
  author={Kleinberg, Jon and Tardos, Eva},
  year={2006},
  publisher={Pearson Education India}
}


@book{cormen2022introduction,
  title={Introduction to algorithms},
  author={Cormen, Thomas H and Leiserson, Charles E and Rivest, Ronald L and Stein, Clifford},
  year={2022}
}